https://www.rdocumentation.org/packages/mvtnorm/versions/1.0-11/topics/Mvnorm